@article{p1,
  title={近期中国大气污染状况, 防治政策及对能源消费的影响},
  author={吕连宏 and 罗宏 and 张型芳},
  journal={中国能源},
  volume={37},
  number={8},
  pages={9--15},
  year={2015}
}
@article{p2,
  title={中国大陆城市 PM 2.5 污染时空分布规律},
  author={李名升 and 任晓霞 and 于洋 and 周磊},
  journal={中国环境科学},
  volume={36},
  number={3},
  pages={641--650},
  year={2016}
}
@article{p3,
  title={2013—2014 年我国大气污染物的时空分布特征及 SO2 质量浓度年代际变化},
  author={李景鑫 and 陈思宇 and 王式功 and 谢亭亭 and 张震 and 樊威伟},
  journal={中国科技论文},
  volume={3},
  pages={016},
  year={2017}
}
@article{p4,
  title={中国南北方大气污染物的时空分布特征},
  author={马敏劲 and 杨秀梅 and 丁凡 and 谭子渊 and 李旭},
  journal={环境科学与技术},
  volume={5},
  pages={033},
  year={2018}
}
@article{p5,
  title={中国主要大气污染物的时空分布特征研究},
  author={臧星华 and 鲁垠涛 and 姚宏 and 李发东 and 张士超 and others},
  journal={生态环境学报},
  volume={24},
  number={8},
  pages={1322--1329},
  year={2015}
}
@misc{wiki:1,
    author = "{Wikipedia contributors}",
    title = "Multivariate interpolation --- {Wikipedia}{,} The Free Encyclopedia",
    year = "2018",
    howpublished = "\url{https://en.wikipedia.org/w/index.php?title=Multivariate_interpolation&oldid=833507751}",
    note = "[Online; accessed 30-August-2018]"
  }
@misc{wiki:2,
    author = "{Wikipedia contributors}",
    title = "Radial basis function --- {Wikipedia}{,} The Free Encyclopedia",
    year = "2018",
    howpublished = "\url{https://en.wikipedia.org/w/index.php?title=Radial_basis_function&oldid=853854755}",
    note = "[Online; accessed 30-August-2018]"
  }